<?xml version="1.0" encoding="UTF-8"?><collection xmlns="http://www.loc.gov/MARC21/slim"><record><leader>00691nam--2200193-i-4500</leader><controlfield tag="001">000027268</controlfield><controlfield tag="002">20161230</controlfield><controlfield tag="005">20161230201036</controlfield><controlfield tag="008">060222s1000------------r-----000-0-eng-d</controlfield><datafield ind1=" " ind2=" " tag="020"><subfield code="a">0915692139</subfield></datafield><datafield ind1=" " ind2=" " tag="040"><subfield code="a">IFIN-HH</subfield></datafield><datafield ind1=" " ind2=" " tag="080"><subfield code="a">512.81(082.1)</subfield></datafield><datafield ind1="1" ind2=" " tag="100"><subfield code="a">Ackerman, M</subfield></datafield><datafield ind1="1" ind2="0" tag="245"><subfield code="a">Lie groups: history, frontiers and applications</subfield><subfield code="b">Volume iii sophus lie`s 1884 differential invariant paper. translated by m.ackerman. comments and additional material by robert hermann</subfield><subfield code="c">M. ackerman</subfield></datafield><datafield ind1=" " ind2=" " tag="260"><subfield code="a">Brookline</subfield><subfield code="b">Math Sci Press</subfield><subfield code="c">1976</subfield></datafield><datafield ind1=" " ind2=" " tag="300"><subfield code="a">VIII + 273P</subfield></datafield><datafield ind1=" " ind2=" " tag="490"><subfield code="a">Lie Groups: History, Frontiers And Applications</subfield><subfield code="v">Vol. Iii</subfield></datafield><datafield ind1=" " ind2=" " tag="852"><subfield code="a">46872</subfield><subfield code="c">519.4/5</subfield></datafield><datafield ind1=" " ind2=" " tag="CAT"><subfield code="a">Sys</subfield><subfield code="c">20130814</subfield><subfield code="h">114012</subfield></datafield></record></collection>